@article{blundell2015weight,
  title={Weight uncertainty in neural networks. arXiv},
  author={Blundell, C and Cornebise, J and Kavukcuoglu, K and Wierstra, D},
  journal={arXiv preprint arXiv:1505.05424},
  year={2015}
}

@article{gal2016uncertainty,
  title={Uncertainty in deep learning},
  author={Gal, Yarin},
  journal={University of Cambridge},
  volume={1},
  number={3},
  year={2016}
}